@article{
mccaffery2019,
title={To what extent the medical device software regulations can be achieved with agile software development methods? XP—DSDM—Scrum}, 
volume={75}, 
DOI={10.1007/s11227-019-02793-x}, 
number={8}, 
journal={The Journal of Supercomputing}, 
author={Özcan-Top, Özden and Mccaffery, Fergal},
 year={2019}, 
pages={5227–5260}
}